@article{faias2017optimal,
  title={Optimal option portfolio strategies: Deepening the puzzle of index option mispricing},
  author={Faias, Jos{\'e} Afonso and Santa-Clara, Pedro},
  journal={Journal of Financial and Quantitative Analysis},
  volume={52},
  number={1},
  pages={277--303},
  year={2017},
  publisher={Cambridge University Press}
}

@article{barone2008garch,
  title={A GARCH option pricing model with filtered historical simulation},
  author={Barone-Adesi, Giovanni and Engle, Robert F and Mancini, Loriano},
  journal={The review of financial studies},
  volume={21},
  number={3},
  pages={1223--1258},
  year={2008},
  publisher={Oxford University Press}
}

@article{zhao2018markowitz,
  title={A markowitz portfolio approach to options trading},
  author={Zhao, Licheng and Palomar, Daniel P},
  journal={IEEE Transactions on Signal Processing},
  volume={66},
  number={16},
  pages={4223--4238},
  year={2018},
  publisher={IEEE}
}

@article{hannah2015stochastic,
  title={Stochastic optimization},
  author={Hannah, Lauren A},
  journal={International Encyclopedia of the Social \& Behavioral Sciences},
  volume={2},
  pages={473--481},
  year={2015},
  publisher={Citeseer}
}

@article{eraker2013performance,
  title={The performance of model based option trading strategies},
  author={Eraker, Bj{\o}rn},
  journal={Review of Derivatives Research},
  volume={16},
  number={1},
  pages={1--23},
  year={2013},
  publisher={Springer}
}

@inproceedings{plessen2017parallel,
  title={Parallel investments in multiple call and put options for the tracking of desired profit profiles},
  author={Plessen, Mogens Graf and Bemporad, Alberto},
  booktitle={2017 American Control Conference (ACC)},
  pages={1091--1096},
  year={2017},
  organization={IEEE}
}

@article{markowitz,
  added-at = {2018-10-18T14:55:01.000+0200},
  author = {Markowitz, Harry},
  biburl = {https://www.bibsonomy.org/bibtex/20db8a52acfc22b526179fd4a81ebaaff/chsk},
  interhash = {0262820abfb740618d3fb500e5213b60},
  intrahash = {0db8a52acfc22b526179fd4a81ebaaff},
  journal = {The Journal of Finance},
  keywords = {Finanzwirtschaft Kapitalmarkttheorie},
  language = {English},
  month = mar,
  number = 1,
  pages = {77-91},
  timestamp = {2018-10-19T10:36:40.000+0200},
  title = {Portfolio Selection},
  volume = 7,
  year = 1952
}

@article{black1973pricing,
  title={The Pricing of Options and Corporate Liabilities. Journal of Political Economy 81 (May-June)},
  author={Black, F and Scholes, M},
  year={1973}
}

@techreport{gsell2008assessing,
  title={Assessing the impact of Algorithmic Trading on markets: A simulation approach},
  author={Gsell, Markus},
  year={2008},
  institution={CFS Working Paper}
}

@article{malmgren2011computerized,
  title={Computerized Global Trading 24/6},
  author={Malmgren, Harald and Stys, Mark},
  journal={International Economy, Spring},
  year={2011}
}

@article{chaput2003option,
  title={Option spread and combination trading},
  author={Chaput, J Scott and Ederington, Louis H},
  journal={The journal of Derivatives},
  volume={10},
  number={4},
  pages={70--88},
  year={2003},
  publisher={Institutional Investor Journals Umbrella}
}

@article{santa2009option,
  title={Option strategies: Good deals and margin calls},
  author={Santa-Clara, Pedro and Saretto, Alessio},
  journal={Journal of Financial Markets},
  volume={12},
  number={3},
  pages={391--417},
  year={2009},
  publisher={Elsevier}
}

@article{bliss2004option,
  title={Option-implied risk aversion estimates},
  author={Bliss, Robert R and Panigirtzoglou, Nikolaos},
  journal={The journal of finance},
  volume={59},
  number={1},
  pages={407--446},
  year={2004},
  publisher={Wiley Online Library}
}